<record><leader>00000cas a22000007a 4500</leader><controlfield tag="001">21615750</controlfield><controlfield tag="008">900529d190u19uuohuwr ne      0    0eng d</controlfield><datafield ind1=" " ind2=" " tag="010"><subfield code="a">sn 90068392 </subfield></datafield><datafield ind1=" " ind2=" " tag="040"><subfield code="a">ONP</subfield><subfield code="b">eng</subfield><subfield code="c">ONP</subfield><subfield code="d">OCLCQ</subfield></datafield><datafield ind1=" " ind2=" " tag="042"><subfield code="a">msc</subfield></datafield><datafield ind1="0" ind2=" " tag="130"><subfield code="a">Tri-county news (Christianburg Christiansburg, Ohio)</subfield></datafield><datafield ind1="1" ind2="4" tag="245"><subfield code="a">The Tri-county news.</subfield></datafield><datafield ind1="3" ind2="0" tag="246"><subfield code="a">Tricounty news</subfield></datafield><datafield ind1=" " ind2=" " tag="260"><subfield code="a">Christianburg [Christiansburg], Ohio :</subfield><subfield code="b">D.F. Shriner &amp; Son</subfield></datafield><datafield ind1=" " ind2=" " tag="300"><subfield code="a">v.</subfield></datafield><datafield ind1=" " ind2=" " tag="310"><subfield code="a">Weekly</subfield></datafield><datafield ind1=" " ind2=" " tag="500"><subfield code="a">Devoted to the best interests of Champaign, Miami and Clark counties.</subfield></datafield><datafield ind1=" " ind2=" " tag="588"><subfield code="a">Description based on: Vol. 1, no. 32 (Mar. 17, 1905).</subfield></datafield><datafield ind1=" " ind2="4" tag="651"><subfield code="a">Chrisiansburg (Ohio)</subfield><subfield code="v">Newspapers.</subfield></datafield><datafield ind1=" " ind2="4" tag="651"><subfield code="a">Champaign County (Ohio)</subfield><subfield code="v">Newspapers.</subfield></datafield><datafield ind1=" " ind2=" " tag="752"><subfield code="a">United States</subfield><subfield code="b">Ohio</subfield><subfield code="c">Champaign</subfield><subfield code="d">Christiansburg.</subfield></datafield></record>